@book{brezis,
    author = "Brezis, Haim",
    title = "Functional Analysis, Sobolev Spaces and Partial Differential Equations",
    edition = "1",
    address = "New York, NY",
    publisher = "Springer",
    year = "2011"
}
@article{cybenko,
    author = "Cybenko, George",
    title = "Approximation by superpositions of a sigmoidal function",
    journal = "Mathematics of Control, Signals, and Systems",
    volume = "2",
    number = "4",
    pages = "303--314",
    year = "1989",
    DOI = "10.1007/bf02551274"
}
@article{hornik,
    author = "Hornik, Kurt",
    title = "Approximation capabilities of multilayer feedforward networks",
    journal = "Neural Networks,",
    volume = "4",
    number = "2",
    pages = "251--257",
    year = "1991",
    DOI = "10.1016/0893-6080(91)90009-t"
}
@unpublished{ferreira,
    author = "Ferreira, Leonardo",
    title = "An Overview Of Artificial Neural Networks for Mathematicians",
    school = "The University of Chicago",
    year = "2018",
    URL = "https://math.uchicago.edu/~may/REU2018/REUPapers/Guilhoto.pdf",
    note = "Parte de la estructura del proyecto y ejemplos est√°n inspirados en este paper."
}
@phdthesis{maintesis,
    author = "Mukherjee, Anirbit",
    title = "A Study of the Mathematics of Deep Learning",
    school = "The University of Manchester",
    year = "2020",
    URL = "https://www.research.manchester.ac.uk/portal/en/publications/a-study-of-the-mathematics-of-deep-learning(79841ba1-950d-460d-8a92-47d53ee0152a).html"
}

@book{ash,
    author = "Ash, Robert B.",
    title = "Real Analysis and Probability",
    edition = "1",
    address = "New York",
    pages = "90",
    publisher = "Academic Press",
    year = "1972"
}
@book{nocitar,
    author = "Rudin, Walter",
    title = "Functional Analysis",
    edition = "2",
    address = "New York",
    pages = "176",
    publisher = "McGraw-Hill",
    year = "1973"
}
@book{rudin,
    author = "Rudin, Walter",
    title = "Fourier Analysis on Groups",
    edition = "1",
    address = "New York",
    publisher = "Wiley-Interscience",
    year = "1962"
}